<?xml version="1.0" encoding="UTF-8"?><collection xmlns="http://www.loc.gov/MARC21/slim"><record><leader>00314nam--2200121-i-4500</leader><controlfield tag="001">000049092</controlfield><controlfield tag="002">20161230</controlfield><controlfield tag="005">20161230201047</controlfield><controlfield tag="008">060222s1000------------r-----000-0-eng-d</controlfield><datafield ind1=" " ind2=" " tag="100"><subfield code="a">Akushskii,Ditkin I Liusternyh,L.A</subfield></datafield><datafield ind1=" " ind2=" " tag="245"><subfield code="a">Tablicy besselevyh funkcii</subfield></datafield><datafield ind1=" " ind2=" " tag="260"><subfield code="a">Moskva, Gostehteorizdat, 1949. 430 S</subfield></datafield><datafield ind1=" " ind2=" " tag="852"><subfield code="a">91</subfield></datafield></record></collection>